<?xml version="1.0" encoding="UTF-8"?><record xmlns="http://www.loc.gov/MARC21/slim" xmlns:cinclude="http://apache.org/cocoon/include/1.0" xmlns:zs="http://www.loc.gov/zing/srw/">
  <leader>00388nz  a2200133n  4500</leader>
  <controlfield tag="001">no 98125014 </controlfield>
  <controlfield tag="003">DLC</controlfield>
  <controlfield tag="005">19981120052143.6</controlfield>
  <controlfield tag="008">981119n| acannaab|          |n aaa     c</controlfield>
  <datafield tag="010" ind1=" " ind2=" ">
    <subfield code="a">no 98125014 </subfield>
  </datafield>
  <datafield tag="035" ind1=" " ind2=" ">
    <subfield code="a">(OCoLC)oca04864170 </subfield>
  </datafield>
  <datafield tag="040" ind1=" " ind2=" ">
    <subfield code="a">WaU</subfield>
    <subfield code="c">WaU</subfield>
  </datafield>
  <datafield tag="100" ind1="1" ind2="0">
    <subfield code="a">Haywood, William F.</subfield>
  </datafield>
  <datafield tag="670" ind1=" " ind2=" ">
    <subfield code="a">It's a small world (Fair Lawn, N.J.), 3rd annual ed. (1957):</subfield>
    <subfield code="b">p. 4 of cover (William F. Haywood)</subfield>
  </datafield>
</record>